@article{osiris,
	title			= {A Biometric Reference System for Iris, OSIRIS version 4.1},
	author		= {Guillaume Sutra and Bernadette Dorizzi and Sonia
		Garcia-Salitcetti and Nadia Othman},
	journal		= {Biosecure},
	year			= {2012}
}

@article{hugo,
	author	=	{Proenca, H.},
	journal	=	{Information Forensics and Security, IEEE Transactions on},
	title		=	{Quality Assessment of Degraded Iris Images Acquired in the Visible
		Wavelength},
	year		=	{2011},
	volume	=	{6},
	number	=	{1},
	pages		=	{82-95},
	keywords={iris recognition;VW iris recognition;data quality
		assessment;degraded iris images;iris biometrics;iris pigmentation;visible
			wavelength light imagery;Biometrics;image quality assessment;iris
			recognition;visible-light iris images},
	doi			=	{10.1109/TIFS.2010.2086446},
	ISSN		=	{1556-6013},
	month		=	{March}
}

@techreport{iso,
	TITLE					= {Biometric Sample Quality - Part 6: Iris Image Data},
	HOWPUBLISHED 	= {Online},
	AUTHOR				= {ISO},
	TYPE					= "{ISO/IEC}",
	NUMBER				= "29794-6",
	EDITION				= 1,
	PAGES 				= {1-56},
	YEAR 					= {2014},
	MONTH 				= {February},
	NOTE 					= {ISO/IEC JTC 1/SC 37/WG N5554rev},
	PUBLISHER 		= "{ISO/IEC}",
	INSTITUTION		= "{ISO/IEC}"
}

@article{jp2knr,
	author	=	{Sheikh, H.R. and Bovik, A.C. and Cormack, L.},
	journal	=	{Image Processing, IEEE Transactions on},
	title		=	{No-reference quality assessment using natural scene statistics: JPEG2000},
	year		=	{2005},
	month		=	{Nov},
	volume	=	{14},
	number	=	{11},
	pages		=	{1918-1927},
	doi			=	{10.1109/TIP.2005.854492},
	ISSN		=	{1057-7149}
}

@article{biqi,
	author	=	{Moorthy, A.K. and Bovik, A.C.},
	journal	=	{Signal Processing Letters, IEEE},
	title		=	{A Two-Step Framework for Constructing Blind Image Quality Indices},
	year		=	{2010},
	month		=	{May},
	volume	=	{17},
	number	=	{5},
	pages		=	{513-516},
	doi			=	{10.1109/LSP.2010.2043888},
	ISSN		=	{1070-9908}
}


@article{brisque,
	author	=	{Mittal, A. and Moorthy, A.K. and Bovik, A.C.},
	journal	=	{Image Processing, IEEE Transactions on},
	title		=	{No-Reference Image Quality Assessment in the Spatial Domain},
	year		=	{2012},
	month		=	{Dec},
	volume	=	{21},
	number	=	{12},
	pages		=	{4695-4708},
	doi			=	{10.1109/TIP.2012.2214050},
	ISSN		=	{1057-7149}
}

@article{niqe,
	author	=	{Mittal, A. and Soundararajan, R. and Bovik, A.C.},
	journal	=	{Signal Processing Letters, IEEE},
	title		=	{Making a "Completely Blind" Image Quality Analyzer},
	year		=	{2013},
	month		=	{March},
	volume	=	{20},
	number	=	{3},
	pages		=	{209-212},
	doi			=	{10.1109/LSP.2012.2227726},
	ISSN		=	{1070-9908}
}

@article{nss,
	author 	= {L. Ruderman},
	title  	= {The statistics of natural images},
	journal	= {Netw. Comput. Neural Syst.},
	volume 	= 5,
	number 	= 4,
	pages		=	{517-548},
	year		=	1994
}


@misc{webiic,
	author 				= {FirstName LastName},
	title 				= {WebIIC},
	year 					= {2015},
	publisher 		= {GitHub},
	journal 			= {GitHub repository},
	howpublished	= {\texttt{https://github.com/Magnus1990P/webIIC}},
	note 					= {Commit hash: a530f0a831b50a10c70d4ac407c818fa0097bd1e}
}

@misc{biqa,
	author 				= {FirstName LastName},
	title 				= {BIQA},
	year 					= {2015},
	publisher 		= {GitHub},
	journal 			= {GitHub repository},
	howpublished	= {\texttt{https://github.com/Magnus1990P/biqa}},
	note 					= {Commit hash: 72b9162f0b743e5f1821f8891c38b12d80c11e2b}
}

@misc{iqa,
	author 				= {FirstName LastName},
	title 				= {Iris QA},
	year 					= {2015},
	publisher 		= {GitHub},
	journal 			= {GitHub repository},
	howpublished	= {\texttt{https://github.com/Magnus1990P/iris\_qa}},
	note 					= {Commit hash: 58ad61a6d50059ca75a211e5bb3400bfabf0c29b}
}

@misc{dbiris,
	author 				= {FirstName LastName},
	title 				= {DBIris},
	year 					= {2015},
	publisher 		= {GitHub},
	journal 			= {GitHub repository},
	howpublished	= {\texttt{https://github.com/Magnus1990P/dbIris}},
	note 					= {Commit hash: e1bdd26afcd5d3298ed36603fc8664261ed92cee}
}

@book{lfd,
	title					= {Learning From Data - A short course},
	author				= {Yaser S. Abu-Mostafa and Malik Magndon-Ismail and Hsuan-Tien
									Lin},
	publisher			= {AMLbook.com},
	edition				= {1.10},
	month					= {march},
	year					= {2012},
	isbn					= {10:1-60049-006-9, 13:978-1-160049-006-4}
}

@book{imgproc,
	title					= {Image Processing and Analysis; variational, PDE, wavelet, and
									stochastic methods},
	author				= {Tony F. Chan and Jianhong Shen},
	publisher			= {SIAM - Society for Industrial and Applied Mathematics},
	address				= {Philadelphia},
	edition				= {1},
	month					= {},
	year					= {2005},
	isbn					= {10:0-89871-59-X, 13:978-0-898715-89-7}
}

@article{ubiris,
	author = "Proenca, H. and Filipe, S. and Santos, R. and Oliveira, J. and Alexandre,{L.A.}",
	title = "The {UBIRIS.v2}: A Database of Visible Wavelength Images Captured
		On-The-Move and At-A-Distance",
	journal = "IEEE Trans. PAMI",
	volume = "32",
	doi = {10.1109/TPAMI.2009.66},
	number = "8",
	pages = "1529-1535",
	month = "August",
	year = "2010"

}

@article{miche,
	author = {De Marsico, Maria and Nappi, Michele and Riccio, Daniel and Wechsler, Harry},
  title = {Mobile Iris Challenge Evaluation (MICHE)-I, Biometric Iris Dataset	and Protocols},
	journal = {Pattern Recogn. Lett.},
	issue_date = {May 2015},
	volume = {57},
	number = {C},
	month = may,
  year = {2015},
	issn = {0167-8655},
	pages = {17--23},
	numpages = {7},
	url = {http://dx.doi.org/10.1016/j.patrec.2015.02.009},
	doi = {10.1016/j.patrec.2015.02.009},
	acmid = {2779297},
	publisher = {Elsevier Science Inc.},
	address = {New York, NY, USA}
} 


